@article{ruder2016,
  author    = {Sebastian Ruder},
  title     = {An overview of gradient descent optimization algorithms},
  journal   = {CoRR},
  volume    = {abs/1609.04747},
  year      = {2016},
  url       = {http://arxiv.org/abs/1609.04747},
  timestamp = {Wed, 07 Jun 2017 14:40:06 +0200},
  biburl    = {http://dblp.uni-trier.de/rec/bib/journals/corr/Ruder16},
  bibsource = {dblp computer science bibliography, http://dblp.org}
}
@article{magdon2015,
	author    = {Malik Magdon{-}Ismail and
	Christos Boutsidis},
	title     = {Optimal Sparse Linear Auto-Encoders and Sparse {PCA}},
	journal   = {CoRR},
	volume    = {abs/1502.06626},
	year      = {2015},
	url       = {http://arxiv.org/abs/1502.06626},
	timestamp = {Wed, 07 Jun 2017 14:40:04 +0200},
	biburl    = {http://dblp.uni-trier.de/rec/bib/journals/corr/Magdon-IsmailB15},
	bibsource = {dblp computer science bibliography, http://dblp.org}
}
@article{wiltschko2015,
	title={Mapping sub-second structure in mouse behavior},
	author={Wiltschko, Alexander B and Johnson, Matthew J and Iurilli, Giuliano and Peterson, Ralph E and Katon, Jesse M and Pashkovski, Stan L and Abraira, Victoria E and Adams, Ryan P and Datta, Sandeep Robert},
	journal={Neuron},
	volume={88},
	number={6},
	pages={1121--1135},
	year={2015},
	publisher={Elsevier}
}
@article{berman2014mapping,
	title={Mapping the stereotyped behaviour of freely moving fruit flies},
	author={Berman, Gordon J and Choi, Daniel M and Bialek, William and Shaevitz, Joshua W},
	journal={Journal of The Royal Society Interface},
	volume={11},
	number={99},
	pages={20140672},
	year={2014},
	publisher={The Royal Society}
}
@article{klibaite2017unsupervised,
	title={An unsupervised method for quantifying the behavior of paired animals},
	author={Klibaite, Ugne and Berman, Gordon J and Cande, Jessica and Stern, David L and Shaevitz, Joshua W},
	journal={Physical Biology},
	volume={14},
	number={1},
	pages={015006},
	year={2017},
	publisher={IOP Publishing}
}
@article{berman2016predictability,
	title={Predictability and hierarchy in Drosophila behavior},
	author={Berman, Gordon J and Bialek, William and Shaevitz, Joshua W},
	journal={Proceedings of the National Academy of Sciences},
	volume={113},
	number={42},
	pages={11943--11948},
	year={2016},
	publisher={National Acad Sciences}
}
@article{berman2014drosopholid,
	title={Mapping the structure of drosophilid behavior},
	author={Berman, Gordon J and Choi, Daniel M and Bialek, William and Shaevitz, Joshua W},
	journal={bioRxiv},
	pages={002873},
	year={2014},
	publisher={Cold Spring Harbor Labs Journals}
}
@book{deeplearningbook,
	title={Deep learning},
	author={Goodfellow, Ian and Bengio, Yoshua and Courville, Aaron},
	year={2016},
	publisher={MIT Press}
}
@article{vandermaaten2008tsne,
	title={Visualizing data using t-SNE},
	author={Maaten, Laurens van der and Hinton, Geoffrey},
	journal={Journal of Machine Learning Research},
	volume={9},
	number={Nov},
	pages={2579--2605},
	year={2008}
}
@article{vandermaaten2009ptsne,
	title={Learning a parametric embedding by preserving local structure},
	author={van der Maaten, Laurens},
	journal={RBM},
	volume={500},
	number={500},
	pages={26},
	year={2009}
}
@article{anderson2014competho,
	title={Toward a science of computational ethology},
	author={Anderson, David J and Perona, Pietro},
	journal={Neuron},
	volume={84},
	number={1},
	pages={18--31},
	year={2014},
	publisher={Elsevier}
}
@article{hinton2006autoencoder,
	title={Reducing the dimensionality of data with neural networks},
	author={Hinton, Geoffrey E and Salakhutdinov, Ruslan R},
	journal={Science},
	volume={313},
	number={5786},
	pages={504--507},
	year={2006},
	publisher={American Association for the Advancement of Science}
}
@article{strandburg2013visual,
	title={Visual sensory networks and effective information transfer in animal groups},
	author={Strandburg-Peshkin, Ariana and Twomey, Colin R and Bode, Nikolai WF and Kao, Albert B and Katz, Yael and Ioannou, Christos C and Rosenthal, Sara B and Torney, Colin J and Wu, Hai Shan and Levin, Simon A and others},
	journal={Current Biology},
	volume={23},
	number={17},
	pages={R709--R711},
	year={2013},
	publisher={Elsevier}
}
@article{rosenthal2015network,
	title={Revealing the hidden networks of interaction in mobile animal groups allows prediction of complex behavioral contagion},
	author={Rosenthal, Sara Brin and Twomey, Colin R and Hartnett, Andrew T and Wu, Hai Shan and Couzin, Iain D},
	journal={Proceedings of the National Academy of Sciences},
	volume={112},
	number={15},
	pages={4690--4695},
	year={2015},
	publisher={National Acad Sciences}
}
@article{strandburg2017habitat,
	title={Habitat and social factors shape individual decisions and emergent group structure during baboon collective movement},
	author={Strandburg-Peshkin, Ariana and Farine, Damien R and Crofoot, Margaret C and Couzin, Iain D},
	journal={eLife},
	volume={6},
	pages={e19505},
	year={2017},
	publisher={eLife Sciences Publications Limited}
}
@article{crall2015beetag,
	title={BEEtag: a low-cost, image-based tracking system for the study of animal behavior and locomotion},
	author={Crall, James D and Gravish, Nick and Mountcastle, Andrew M and Combes, Stacey A},
	journal={PloS one},
	volume={10},
	number={9},
	pages={e0136487},
	year={2015},
	publisher={Public Library of Science}
}
@article{bazazi2008collective,
title={Collective motion and cannibalism in locust migratory bands},
author={Bazazi, Sepideh and Buhl, Jerome and Hale, Joseph J and Anstey, Michael L and Sword, Gregory A and Simpson, Stephen J and Couzin, Iain D},
journal={Current Biology},
volume={18},
number={10},
pages={735--739},
year={2008},
publisher={Elsevier}
}
@article{crall2016social,
	title={Social context modulates idiosyncrasy of behaviour in the gregarious cockroach Blaberus discoidalis},
	author={Crall, James D and Souffrant, Andr{\'e} D and Akandwanaho, Dominic and Hescock, Sawyer D and Callan, Sarah E and Coronado, W Melissa and Baldwin, Maude W and de Bivort, Benjamin L},
	journal={Animal Behaviour},
	volume={111},
	pages={297--305},
	year={2016},
	publisher={Elsevier}
}
@article{mersch2013tracking,
	title={Tracking individuals shows spatial fidelity is a key regulator of ant social organization},
	author={Mersch, Danielle P and Crespi, Alessandro and Keller, Laurent},
	journal={Science},
	volume={340},
	number={6136},
	pages={1090--1093},
	year={2013},
	publisher={American Association for the Advancement of Science}
}
@article{kain2013leg,
	title={Leg-tracking and automated behavioural classification in Drosophila},
	author={Kain, Jamey and Stokes, Chris and Gaudry, Quentin and Song, Xiangzhi and Foley, James and Wilson, Rachel and de Bivort, Benjamin},
	journal={Nature communications},
	volume={4},
	pages={1910},
	year={2013},
	publisher={Nature Publishing Group}
}
@article{williams1986learning,
	title={Learning representations by back-propagating errors},
	author={Williams, DRGHR and Hinton, Geoffrey},
	journal={Nature},
	volume={323},
	number={6088},
	pages={533--538},
	year={1986}
}
@article{kennedy2005don,
	title={What don't we know?},
	author={Kennedy, Donald and Norman, Colin},
	journal={Science},
	volume={309},
	number={5731},
	pages={75--75},
	year={2005},
	publisher={American Association for the Advancement of Science}
}
@article{miller2005biological,
	title={What is the biological basis of consciousness?},
	author={Miller, Greg},
	journal={Science},
	volume={309},
	number={5731},
	pages={79--80},
	year={2005},
	publisher={American Association for the Advancement of Science}
}
@article{gold2007neural,
	title={The neural basis of decision making},
	author={Gold, Joshua I and Shadlen, Michael N},
	journal={Annu. Rev. Neurosci.},
	volume={30},
	pages={535--574},
	year={2007},
	publisher={Annual Reviews}
}
@article{couzin2007collective,
	title={Collective minds},
	author={Couzin, Iain},
	journal={Nature},
	volume={445},
	number={7129},
	pages={715--715},
	year={2007},
	publisher={Nature Publishing Group}
}
@article{simpson2001gregarious,
	title={Gregarious behavior in desert locusts is evoked by touching their back legs},
	author={Simpson, SJ and Despland, E and H{\"a}gele, BF and Dodgson, T},
	journal={Proceedings of the National Academy of Sciences},
	volume={98},
	number={7},
	pages={3895--3897},
	year={2001},
	publisher={National Acad Sciences}
}
@article{menzel1983neurobiology,
	title={Neurobiology of learning and memory: the honeybee as a model system},
	author={Menzel, Randolf},
	journal={Naturwissenschaften},
	volume={70},
	number={10},
	pages={504--511},
	year={1983},
	publisher={Springer}
}
@book{burrows1996neurobiology,
	title={The neurobiology of an insect brain},
	author={Burrows, Malcolm},
	year={1996},
	publisher={Oxford University Press Oxford}
}
@article{feany2000drosophila,
	title={A Drosophila model of Parkinson's disease},
	author={Feany, Mel B and Bender, Welcome W},
	journal={Nature},
	volume={404},
	number={6776},
	pages={394--398},
	year={2000},
	publisher={Nature Publishing Group}
}
@article{chittka2006recognition,
	title={Recognition of flowers by pollinators},
	author={Chittka, Lars and Raine, Nigel E},
	journal={Current opinion in plant biology},
	volume={9},
	number={4},
	pages={428--435},
	year={2006},
	publisher={Elsevier}
}
@book{north2007invertebrate,
	title={Invertebrate neurobiology},
	author={North, Geoffrey and Greenspan, Ralph J},
	year={2007},
	publisher={Cold Spring Harbor Laboratory Press Cold Spring Harbor}
}
@article{leonard2014multisensory,
	title={Multisensory integration of colors and scents: insights from bees and flowers},
	author={Leonard, Anne S and Masek, Pavel},
	journal={Journal of Comparative Physiology A},
	volume={200},
	number={6},
	pages={463--474},
	year={2014},
	publisher={Springer}
}
@article{haberkern2016studying,
	title={Studying small brains to understand the building blocks of cognition},
	author={Haberkern, Hannah and Jayaraman, Vivek},
	journal={Current opinion in neurobiology},
	volume={37},
	pages={59--65},
	year={2016},
	publisher={Elsevier}
}
@article{martin2015central,
	title={Central-complex control of movement in the freely walking cockroach},
	author={Martin, Joshua P and Guo, Peiyuan and Mu, Laiyong and Harley, Cynthia M and Ritzmann, Roy E},
	journal={Current Biology},
	volume={25},
	number={21},
	pages={2795--2803},
	year={2015},
	publisher={Elsevier}
}
@article{webb2016neural,
	title={Neural mechanisms of insect navigation},
	author={Webb, Barbara and Wystrach, Antoine},
	journal={Current Opinion in Insect Science},
	volume={15},
	pages={27--39},
	year={2016},
	publisher={Elsevier}
}
@article{bertrand2015bio,
	title={A bio-inspired collision avoidance model based on spatial information derived from motion detectors leads to common routes},
	author={Bertrand, Olivier JN and Lindemann, Jens P and Egelhaaf, Martin},
	journal={PLoS Comput Biol},
	volume={11},
	number={11},
	pages={e1004339},
	year={2015},
	publisher={Public Library of Science}
}
@article{mischiati2015internal,
	title={Internal models direct dragonfly interception steering},
	author={Mischiati, Matteo and Lin, Huai-Ti and Herold, Paul and Imler, Elliot and Olberg, Robert and Leonardo, Anthony},
	journal={Nature},
	volume={517},
	number={7534},
	pages={333--338},
	year={2015},
	publisher={Nature Research}
}
@book{croft2008exploring,
	title={Exploring animal social networks},
	author={Croft, Darren P and James, Richard and Krause, Jens},
	year={2008},
	publisher={Princeton University Press}
}
@article{bazazi2011nutritional,
	title={Nutritional state and collective motion: from individuals to mass migration},
	author={Bazazi, Sepideh and Romanczuk, Pawel and Thomas, Sian and Schimansky-Geier, Lutz and Hale, Joseph J and Miller, Gabriel A and Sword, Gregory A and Simpson, Stephen J and Couzin, Iain D},
	journal={Proceedings of the Royal Society of London B: Biological Sciences},
	volume={278},
	number={1704},
	pages={356--363},
	year={2011},
	publisher={The Royal Society}
}
@article{romanczuk2009collective,
	title={Collective motion due to individual escape and pursuit response},
	author={Romanczuk, Pawel and Couzin, Iain D and Schimansky-Geier, Lutz},
	journal={Physical Review Letters},
	volume={102},
	number={1},
	pages={010602},
	year={2009},
	publisher={APS}
}
@article{guttal2012cannibalism,
	title={Cannibalism can drive the evolution of behavioural phase polyphenism in locusts},
	author={Guttal, Vishwesha and Romanczuk, Pawel and Simpson, Stephen J and Sword, Gregory A and Couzin, Iain D},
	journal={Ecology letters},
	volume={15},
	number={10},
	pages={1158--1166},
	year={2012},
	publisher={Wiley Online Library}
}
@article{longden2017sensorimotor,
	title={Sensorimotor Neuroscience: Motor Precision Meets Vision},
	author={Longden, Kit D and Huston, Stephen J and Reiser, Michael B},
	journal={Current Biology},
	volume={27},
	number={7},
	pages={R261--R263},
	year={2017},
	publisher={Elsevier}
}
@article{mcclure2011group,
	title={Group leadership depends on energetic state in a nomadic collective foraging caterpillar},
	author={McClure, Melanie and Ralph, Melissa and Despland, Emma},
	journal={Behavioral Ecology and Sociobiology},
	volume={65},
	number={8},
	pages={1573--1579},
	year={2011},
	publisher={Springer}
}
@article{lihoreau2015nutritional,
	title={Nutritional ecology beyond the individual: a conceptual framework for integrating nutrition and social interactions},
	author={Lihoreau, Mathieu and Buhl, Jerome and Charleston, Michael A and Sword, Gregory A and Raubenheimer, David and Simpson, Stephen J},
	journal={Ecology letters},
	volume={18},
	number={3},
	pages={273--286},
	year={2015},
	publisher={Wiley Online Library}
}
@article{krause1992relationship,
	title={Relationship between the position preference and nutritional state of individuals in schools of juvenile roach (Rutilus rutilus)},
	author={Krause, Jens and Bumann, Dirk and Todt, Dietmar},
	journal={Behavioral Ecology and Sociobiology},
	volume={30},
	number={3-4},
	pages={177--180},
	year={1992},
	publisher={Springer}
}
@article{fischhoff2007social,
	title={Social relationships and reproductive state influence leadership roles in movements of plains zebra, Equus burchellii},
	author={Fischhoff, Ilya R and Sundaresan, Siva R and Cordingley, Justine and Larkin, Heather M and Sellier, Marie-Jeanne and Rubenstein, Daniel I},
	journal={Animal Behaviour},
	volume={73},
	number={5},
	pages={825--831},
	year={2007},
	publisher={Elsevier}
}
@article{bumann1993front,
	title={Front individuals lead in shoals of three-spined sticklebacks (Gasterosteus aculeatus) and juvenile roach (Rutilus rutilus)},
	author={Bumann, Dirk and Krause, Jens},
	journal={Behaviour},
	volume={125},
	number={3},
	pages={189--198},
	year={1993},
	publisher={Brill}
}
@article{rind2008arousal,
	title={Arousal facilitates collision avoidance mediated by a looming sensitive visual neuron in a flying locust},
	author={Rind, F Claire and Santer, Roger D and Wright, Geraldine A},
	journal={Journal of neurophysiology},
	volume={100},
	number={2},
	pages={670--680},
	year={2008},
	publisher={Am Physiological Soc}
}
@article{simmons2010escapes,
	title={Escapes with and without preparation: the neuroethology of visual startle in locusts},
	author={Simmons, Peter J and Rind, F Claire and Santer, Roger D},
	journal={Journal of Insect Physiology},
	volume={56},
	number={8},
	pages={876--883},
	year={2010},
	publisher={Elsevier}
}
@article{rogers2010spatiotemporal,
	title={Spatiotemporal receptive field properties of a looming-sensitive neuron in solitarious and gregarious phases of the desert locust},
	author={Rogers, Stephen M and Harston, George WJ and Kilburn-Toppin, Fleur and Matheson, Thomas and Burrows, Malcolm and Gabbiani, Fabrizio and Krapp, Holger G},
	journal={Journal of neurophysiology},
	volume={103},
	number={2},
	pages={779--792},
	year={2010},
	publisher={Am Physiological Soc}
}
@article{chan2013collision,
	title={Collision-avoidance behaviors of minimally restrained flying locusts to looming stimuli},
	author={Chan, R WM and Gabbiani, F},
	journal={Journal of Experimental Biology},
	volume={216},
	number={4},
	pages={641--655},
	year={2013},
	publisher={The Company of Biologists Ltd}
}
@article{matheson2004plasticity,
	title={Plasticity in the visual system is correlated with a change in lifestyle of solitarious and gregarious locusts},
	author={Matheson, Thomas and Rogers, Stephen M and Krapp, Holger G},
	journal={Journal of neurophysiology},
	volume={91},
	number={1},
	pages={1--12},
	year={2004},
	publisher={Am Physiological Soc}
}
@article{buhl2006disorder,
	title={From disorder to order in marching locusts},
	author={Buhl, Jerome and Sumpter, David JT and Couzin, Iain D and Hale, Joe J and Despland, Emma and Miller, ER and Simpson, Steve J},
	journal={Science},
	volume={312},
	number={5778},
	pages={1402--1406},
	year={2006},
	publisher={American Association for the Advancement of Science}
}
@book{sumpter2010collective,
	title={Collective animal behavior},
	author={Sumpter, David JT},
	year={2010},
	publisher={Princeton University Press}
}
@article{longden2014nutritional,
	title={Nutritional state modulates the neural processing of visual motion},
	author={Longden, Kit D and Muzzu, Tomaso and Cook, Daniel J and Schultz, Simon R and Krapp, Holger G},
	journal={Current Biology},
	volume={24},
	number={8},
	pages={890--895},
	year={2014},
	publisher={Elsevier}
}
@article{vanbergen2013threats,
	title={Threats to an ecosystem service: pressures on pollinators},
	author={Vanbergen, Adam J et al.},
	journal={Frontiers in Ecology and the Environment},
	volume={11},
	number={5},
	pages={251--259},
	year={2013},
	publisher={Wiley Online Library}
}
@inproceedings{hebets2016systems,
	title={A systems approach to animal communication},
	author={Hebets, Eileen A and Barron, Andrew B and Balakrishnan, Christopher N and Hauber, Mark E and Mason, Paul H and Hoke, Kim L},
	booktitle={Proc. R. Soc. B},
	volume={283},
	number={1826},
	pages={20152889},
	year={2016},
	organization={The Royal Society}
}
@article{arrese2010insect,
	title={Insect fat body: energy, metabolism, and regulation},
	author={Arrese, Estela L and Soulages, Jose L},
	journal={Annual review of entomology},
	volume={55},
	pages={207--225},
	year={2010},
	publisher={Annual Reviews}
}
@article{williamson1982large,
	title={Large neurones in locust neck connectives},
	author={Williamson, R and Burns, MD},
	journal={Journal of Comparative Physiology A: Neuroethology, Sensory, Neural, and Behavioral Physiology},
	volume={147},
	number={3},
	pages={379--388},
	year={1982},
	publisher={Springer}
}
@article{schoner2008dynamical,
	title={Dynamical systems approaches to cognition},
	author={Sch{\"o}ner, Gregor},
	journal={Cambridge handbook of computational cognitive modeling},
	pages={101--126},
	year={2008},
	publisher={Cambridge, UK: Cambridge University Press}
}
@article{gomes2016bats,
	title={Bats perceptually weight prey cues across sensory systems when hunting in noise},
	author={Gomes, Dylan GE and Page, Rachel A and Geipel, I and Taylor, RC and Ryan, MJ and Halfwerk, W},
	journal={Science},
	volume={353},
	number={6305},
	pages={1277--1280},
	year={2016},
	publisher={American Association for the Advancement of Science}
}
@book{stein2012new,
	title={The new handbook of multisensory processing},
	author={Stein, Barry E},
	year={2012},
	publisher={Mit Press}
}
@article{berman2013neural,
	title={Neural control of gas exchange patterns in insects: locust density-dependent phases as a test case},
	author={Berman, Tali S and Ayali, Amir and Gefen, Eran},
	journal={PloS one},
	volume={8},
	number={3},
	pages={e59967},
	year={2013},
	publisher={Public Library of Science}
}
@article{ortega2016visualization,
	title={Visualization of the spontaneous emergence of a complex, dynamic, and autocatalytic system},
	author={Ortega-Arroyo, Jaime and Bissette, Andrew J and Kukura, Philipp and Fletcher, Stephen P},
	journal={Proceedings of the National Academy of Sciences},
	pages={201602363},
	year={2016},
	publisher={National Acad Sciences}
}
@article{kennedy1951migration,
	title={The migration of the desert locust (Schistocerca gregaria Forsk.). I. The behaviour of swarms. II. A theory of long-range migrations},
	author={Kennedy, John Stodart},
	journal={Philosophical Transactions of the Royal Society of London B: Biological Sciences},
	volume={235},
	number={625},
	pages={163--290},
	year={1951},
	publisher={The Royal Society}
}
@article{kennedy1985migration,
	title={Migration, behavioral and ecological.},
	author={Kennedy, John S},
	journal={Contributions in Marine Science[CONTRIB. MAR. SCI.].},
	volume={68},
	year={1985}
}
@article{bissette2013mechanisms,
	title={Mechanisms of autocatalysis},
	author={Bissette, Andrew J and Fletcher, Stephen P},
	journal={Angewandte Chemie International Edition},
	volume={52},
	number={49},
	pages={12800--12826},
	year={2013},
	publisher={Wiley Online Library}
}
@article{perez2014idtracker,
	title={idTracker: tracking individuals in a group by automatic identification of unmarked animals},
	author={P{\'e}rez-Escudero, Alfonso and Vicente-Page, Juli{\'a}n and Hinz, Robert C and Arganda, Sara and De Polavieja, Gonzalo G},
	journal={Nature methods},
	volume={11},
	number={7},
	pages={743--748},
	year={2014},
	publisher={Nature Research}
}
@article{rasch2016closing,
	title={Closing the loop: tracking and perturbing behaviour of individuals in a group in real-time},
	author={Rasch, Malte J and Shi, Aobo and Ji, Zilong},
	journal={bioRxiv},
	pages={071308},
	year={2016},
	publisher={Cold Spring Harbor Labs Journals}
}
@article{rodriquez2017toxtrac,
	title={ToxTrac: a fast and robust software for tracking organisms},
	author={Rodriquez, Alvaro and Zhang, Hanqing and Klaminder, Jonatan and Brodin, Tomas and Andersson, Patrik L and Andersson, Magnus},
	journal={arXiv preprint arXiv:1706.02577},
	year={2017}
}
@article{heyman2017ants,
	title={Ants regulate colony spatial organization using multiple chemical road-signs},
	author={Heyman, Yael and Shental, Noam and Brandis, Alexander and Hefetz, Abraham and Feinerman, Ofer},
	journal={Nature Communications},
	volume={8},
	year={2017},
	publisher={Nature Publishing Group}
}
@article{kabra2013jaaba,
	title={JAABA: interactive machine learning for automatic annotation of animal behavior},
	author={Kabra, Mayank and Robie, Alice A and Rivera-Alba, Marta and Branson, Steven and Branson, Kristin},
	journal={nature methods},
	volume={10},
	number={1},
	pages={64--67},
	year={2013},
	publisher={Nature Publishing Group}
}
@article{todd2017exploration,
	author={Jeremy G Todd and Jamey S Kain and Benjamin L de Bivort},
	title={Systematic exploration of unsupervised methods for mapping behavior},
	journal={Physical Biology},
	volume={14},
	number={1},
	pages={015002},
	url={http://stacks.iop.org/1478-3975/14/i=1/a=015002},
	year={2017},
	abstract={To fully understand the mechanisms giving rise to behavior, we need to be able to precisely measure it. When coupled with large behavioral data sets, unsupervised clustering methods offer the potential of unbiased mapping of behavioral spaces. However, unsupervised techniques to map behavioral spaces are in their infancy, and there have been few systematic considerations of all the methodological options. We compared the performance of seven distinct mapping methods in clustering a wavelet-transformed data set consisting of the x - and y -positions of the six legs of individual flies. Legs were automatically tracked by small pieces of fluorescent dye, while the fly was tethered and walking on an air-suspended ball. We find that there is considerable variation in the performance of these mapping methods, and that better performance is attained when clustering is done in higher dimensional spaces (which are otherwise less preferable because they are hard to visualize). High dimensionality means that some algorithms, including the non-parametric watershed cluster assignment algorithm, cannot be used. We developed an alternative watershed algorithm which can be used in high-dimensional spaces when a probability density estimate can be computed directly. With these tools in hand, we examined the behavioral space of fly leg postural dynamics and locomotion. We find a striking division of behavior into modes involving the fore legs and modes involving the hind legs, with few direct transitions between them. By computing behavioral clusters using the data from all flies simultaneously, we show that this division appears to be common to all flies. We also identify individual-to-individual differences in behavior and behavioral transitions. Lastly, we suggest a computational pipeline that can achieve satisfactory levels of performance without the taxing computational demands of a systematic combinatorial approach.}
}
@phdthesis{twomey2016vision,
	title={Vision \& motion in collective behavior},
	author={Twomey, Colin Robert},
	year={2016},
	school={Princeton University}
}
@article{konda2014zero,
	title={Zero-bias autoencoders and the benefits of co-adapting features},
	author={Konda, Kishore and Memisevic, Roland and Krueger, David},
	journal={arXiv preprint arXiv:1402.3337},
	year={2014}
}
@inproceedings{long2015fully,
	title={Fully convolutional networks for semantic segmentation},
	author={Long, Jonathan and Shelhamer, Evan and Darrell, Trevor},
	booktitle={Proceedings of the IEEE Conference on Computer Vision and Pattern Recognition},
	pages={3431--3440},
	year={2015}
}

@article{roerdink2000watershed,
	title={The watershed transform: Definitions, algorithms and parallelization strategies},
	author={Roerdink, Jos BTM and Meijster, Arnold},
	journal={Fundamenta informaticae},
	volume={41},
	number={1, 2},
	pages={187--228},
	year={2000},
	publisher={IOS Press}
}
@article{rokhlin2009randomized,
	title={A randomized algorithm for principal component analysis},
	author={Rokhlin, Vladimir and Szlam, Arthur and Tygert, Mark},
	journal={SIAM Journal on Matrix Analysis and Applications},
	volume={31},
	number={3},
	pages={1100--1124},
	year={2009},
	publisher={SIAM}
}
@inproceedings{artac2002incremental,
	title={Incremental PCA for on-line visual learning and recognition},
	author={Artac, Matej and Jogan, Matjaz and Leonardis, Ales},
	booktitle={Pattern Recognition, 2002. Proceedings. 16th International Conference on},
	volume={3},
	pages={781--784},
	year={2002},
	organization={IEEE}
}
@article{gabbiani2002multiplicative,
	title={Multiplicative computation in a visual neuron sensitive to looming},
	author={Gabbiani, Fabrizio and Krapp, Holger G and Koch, Christof and Laurent, Gilles},
	journal={Nature},
	volume={420},
	number={6913},
	pages={320--324},
	year={2002},
	publisher={Nature Publishing Group}
}
@inproceedings{ester1996density,
	title={A density-based algorithm for discovering clusters in large spatial databases with noise.},
	author={Ester, Martin and Kriegel, Hans-Peter and Sander, J{\"o}rg and Xu, Xiaowei et al.},
	booktitle={Kdd},
	volume={96},
	number={34},
	pages={226--231},
	year={1996}
}
@article{de1987registration,
	title={Registration of translated and rotated images using finite Fourier transforms},
	author={De Castro, E and Morandi, C},
	journal={IEEE Transactions on pattern analysis and machine intelligence},
	number={5},
	pages={700--703},
	year={1987},
	publisher={IEEE}
}
@article{reddy1996fft,
	title={An FFT-based technique for translation, rotation, and scale-invariant image registration},
	author={Reddy, B Srinivasa and Chatterji, Biswanath N},
	journal={IEEE transactions on image processing},
	volume={5},
	number={8},
	pages={1266--1271},
	year={1996},
	publisher={IEEE}
}
@article{wilson2006correlation,
	title={A correlation-based approach to calculate rotation and translation of moving cells},
	author={Wilson, Cyrus A and Theriot, Julie A},
	journal={IEEE Transactions on Image Processing},
	volume={15},
	number={7},
	pages={1939--1951},
	year={2006},
	publisher={IEEE}
}
@article{guizar2008efficient,
	title={Efficient subpixel image registration algorithms},
	author={Guizar-Sicairos, Manuel and Thurman, Samuel T and Fienup, James R},
	journal={Optics letters},
	volume={33},
	number={2},
	pages={156--158},
	year={2008},
	publisher={Optical Society of America}
}
@article{lin2016does,
	title={Why does deep and cheap learning work so well?},
	author={Lin, Henry W and Tegmark, Max},
	journal={arXiv preprint arXiv:1608.08225},
	year={2016}
}
@article{li2016whiteout,
	title={Whiteout: Gaussian Adaptive Regularization Noise in Deep Neural Networks},
	author={Li, Yinan and Xu, Ruoyi and Liu, Fang},
	journal={arXiv preprint arXiv:1612.01490},
	year={2016}
}
@inproceedings{vincent2008extracting,
	title={Extracting and composing robust features with denoising autoencoders},
	author={Vincent, Pascal and Larochelle, Hugo and Bengio, Yoshua and Manzagol, Pierre-Antoine},
	booktitle={Proceedings of the 25th international conference on Machine learning},
	pages={1096--1103},
	year={2008},
	organization={ACM}
}
@inproceedings{ioffe2015batch,
	title={Batch normalization: Accelerating deep network training by reducing internal covariate shift},
	author={Ioffe, Sergey and Szegedy, Christian},
	booktitle={International Conference on Machine Learning},
	pages={448--456},
	year={2015}
}